@article{minkowski,
    author = "P. Minkowski",
    title = "$\mu \rightarrow e\gamma$ at a Rate of One Out of $10^9$ Muon Decays?",
    journal = "Phys. Lett.",
    volume = "B67",
    year = "1977",
    pages = "421"
}

@article{MINUIT,
    author = "James, F. and Roos, M.",
    title = "{Minuit: A System for Function Minimization and Analysis of the Parameter Errors and Correlations}",
    %reportNumber = "CERN-DD-75-20",
    doi = "10.1016/0010-4655(75)90039-9",
    journal = "Comput. Phys. Commun.",
    volume = "10",
    pages = "343--367",
    year = "1975"
}


@article{scipy,
  author  = {Virtanen, Pauli and Gommers, Ralf and Oliphant, Travis E. and
            Haberland, Matt and Reddy, Tyler and Cournapeau, David and
            Burovski, Evgeni and Peterson, Pearu and Weckesser, Warren and
            Bright, Jonathan and {van der Walt}, St{\'e}fan J. and
            Brett, Matthew and Wilson, Joshua and Millman, K. Jarrod and
            Mayorov, Nikolay and Nelson, Andrew R. J. and Jones, Eric and
            Kern, Robert and Larson, Eric and Carey, C J and
            Polat, {\.I}lhan and Feng, Yu and Moore, Eric W. and
            {VanderPlas}, Jake and Laxalde, Denis and Perktold, Josef and
            Cimrman, Robert and Henriksen, Ian and Quintero, E. A. and
            Harris, Charles R. and Archibald, Anne M. and
            Ribeiro, Ant{\^o}nio H. and Pedregosa, Fabian and
            {van Mulbregt}, Paul and {SciPy 1.0 Contributors}},
  title   = {{{SciPy} 1.0: Fundamental Algorithms for Scientific
            Computing in Python}},
  journal = {Nature Methods},
  year    = {2020},
  volume  = {17},
  pages   = {261--272},
  adsurl  = {https://rdcu.be/b08Wh},
  doi     = {10.1038/s41592-019-0686-2},
}



@article{lokhov,
    author = "А.В. Лохов, Ф.В. Ткачев",
    title = "$Построение доверительных интервалов с учетом априорной информации",
    journal = "Физика элементарных частиц и атомного ядра",
    volume = "46",
    year = "2015",
    pages = "628"
}

@thesis{zubrilin,
    author = "К.В. Зубрилин",
    title = "Методы оценки доверительных интервалов в условиях априорных ограничений параметров применительно к анализу экспериментальных данных по поиску массы нейтрино в бета-распаде трития",
    year = "2020",
    institution = "МГУ"
}

@article{design_report,
    author = "J. Angrik et al",
    title = "KATRIN Design Report 2004",
    year = "2005",
    journal = "FZKA scientic report, vol. 7090"
}

@article{katrin_status,
    author = "Aker, M. and others",
    collaboration = "KATRIN",
    title = "{KATRIN: Status and Prospects for the Neutrino Mass and Beyond}",
    eprint = "2203.08059",
    archivePrefix = "arXiv",
    primaryClass = "nucl-ex",
    year = "2022"
}

@article{kraus,
	doi = {10.1140/epjc/s2005-02139-7},
	url = {https://doi.org/10.1140%2Fepjc%2Fs2005-02139-7},  
	year = 2005,  
	publisher = {Springer Science and Business Media {LLC}},  
	volume = {40},  
	number = {4},  
	pages = {447--468},  
	author = {Ch. Kraus et al.},  
	title = {Final results from phase {II} of the Mainz neutrino mass searchin tritium $\beta$ decay},  
	journal = {The European Physical Journal C}
}

@article{kolmogorov,
    author="Kolmogorov A. L.",
    title="Sulla determinazione empirica di una legge di distribuzione",
    journal="G. Ist. Ital. Attuari",
    year="1933",
    volume="4",
    pages="83-91",
    %URL="https://cir.nii.ac.jp/crid/1571135650766370304"
}

@article{lilliefors,
    author = {Hubert W. Lilliefors},
    title = {On the Kolmogorov-Smirnov Test for Normality with Mean and Variance Unknown},
    journal = {Journal of the American Statistical Association},
    volume = {62},
    number = {318},
    pages = {399-402},
    year  = {1967},
    publisher = {Taylor & Francis},
    doi = {10.1080/01621459.1967.10482916},
    URL = {https://www.tandfonline.com/doi/abs/10.1080/01621459.1967.10482916},
    eprint = {https://www.tandfonline.com/doi/pdf/10.1080/01621459.1967.10482916}
}


@article{frank_j,
    %ISSN = {01621459},
    URL = {http://www.jstor.org/stable/2280095},
    %abstract = {The test is based on the maximum difference between an empirical and a hypothetical cumulative distribution. Percentage points are tabled, and a lower bound to the power function is charted. Confidence limits for a cumulative distribution are described. Examples are given. Indications that the test is superior to the chi-square test are cited.},
    author = {Frank J. Massey},
    journal = {Journal of the American Statistical Association},
    number = {253},
    pages = {68-78},
    %publisher = {[American Statistical Association, Taylor & Francis, Ltd.]},
    title = {The Kolmogorov-Smirnov Test for Goodness of Fit},
    %urldate = {2022-05-20},
    volume = {46},
    year = {1951}
}



@misc{https://doi.org/10.48550/arxiv.1306.4669,
  %doi = {10.48550/ARXIV.1306.4669},
  %url = {https://arxiv.org/abs/1306.4669},
  
  author = {Gell-Mann, Murray and Ramond, Pierre and Slansky, Richard},  
  title = {Complex Spinors and Unified Theories},
  eprint = {2105.08533},
  eprinttype = {arxiv}, 
  year = {2013}
  %copyright = {arXiv.org perpetual, non-exclusive license}
}

@article{Beamson_1980,
	%doi = {10.1088/0022-3735/13/1/018},
	%url = {https://doi.org/10.1088/0022-3735/13/1/018},
	year = 1980,
	%month = {jan},
	publisher = {{IOP} Publishing},
	volume = {13},
	number = {1},
	pages = {64--66},
	author = {G. Beamson and H.Q. Porter and D.W. Turner},
	title = {The collimating and magnifying properties of a superconducting field photoelectron spectrometer},
	journal = {Journal of Physics E: Scientific Instruments},
	abstract = {An analysis is given of the possible advantages of a photoelectron spectrometer based upon the properties of the axially symmetric inhomogeneous magnetic field of a superconducting solenoid. The consequences of electron motion along the solenoid axis are discussed and it is shown that this can lead to a novel high-resolution method of electron energy analysis together with the possibility of photoelectron microscopy.}
}


@misc{aker,
    author = "M. Aker et al.",
    title = "First direct neutrino-mass measurement with sub-eV sensitivity",
    eprint = {2105.08533},
    eprinttype = {arxiv},
    year = "2021",
    %url = {https://arxiv.org/abs/2105.08533}
}

@article{improved_limit,
  title = {Improved Upper Limit on the Neutrino Mass from a Direct Kinematic Method by KATRIN},
  author = "M. Aker et al.",
  collaboration = {KATRIN Collaboration},
  journal = {Phys. Rev. Lett.},
  volume = {123},
  issue = {22},
  pages = {221802},
  numpages = {10},
  year = {2019},
  month = {Nov},
  publisher = {American Physical Society},
  doi = {10.1103/PhysRevLett.123.221802},
  url = {https://link.aps.org/doi/10.1103/PhysRevLett.123.221802}
}


@article{lobashev,
    author = "V. Lobashev and P. Spivak",
    title = "A method for measuring the antielectron-neutrino rest mass",
    journal = "Nucl. Instrum. Meth.",
    volume = "A 240",
    year = "1985",
    pages = "305"
}

@article{picard,
    author = "A. Picard et al",
    title = "A solenoid retarding spectrometer with high resolution and transmission for kev electrons",
    journal = "Nuclear Instruments and Methods in Physics Research Section B: Beam Interactions with Materials and Atoms",
    volume = "63",
    year = "1992",
    pages = "345"
}
